<?xml version="1.0" encoding="UTF-8"?>
<record xmlns="http://www.loc.gov/MARC21/slim">
   <leader>02025cam a2200361 a 4500</leader>
   <controlfield tag="001">592213</controlfield>
   <controlfield tag="003">NjP</controlfield>
   <controlfield tag="005">20190705141006.0</controlfield>
   <controlfield tag="008">900802s1978    ir a     b    000 0dara d</controlfield>
   <datafield tag="024" ind1="7" ind2=" ">
      <subfield code="a">princeton_aco003800</subfield>
      <subfield code="2">local</subfield>
   </datafield>
   <datafield ind1=" " ind2=" " tag="035">
      <subfield code="a">(CStRLIN)NJPG90-B33529</subfield>
   </datafield>
   <datafield ind1=" " ind2=" " tag="035">
      <subfield code="9">ACS8271TS</subfield>
   </datafield>
   <datafield ind1=" " ind2=" " tag="035">
      <subfield code="a">(NjP)592213</subfield>
   </datafield>
   <datafield ind1=" " ind2=" " tag="040">
      <subfield code="a">NjP</subfield>
      <subfield code="c">PUL</subfield>
      <subfield code="d">PUL</subfield>
   </datafield>
   <datafield ind1=" " ind2=" " tag="049">
      <subfield code="a">PULL</subfield>
   </datafield>
   <datafield ind1=" " ind2=" " tag="035">
      <subfield code="a">(OCoLC)ocm43061318</subfield>
   </datafield>
   <datafield ind1="1" ind2=" " tag="100">
      <subfield code="6">880-01</subfield>
      <subfield code="a">Narāqī, Muḥammad Mahdī ibn Abī Z̲arr,</subfield>
      <subfield code="d">-1794 or 1795</subfield>
      <subfield code="0">http://id.loc.gov/authorities/names/n80128300</subfield>
   </datafield>
   <datafield ind1="1" ind2="3" tag="245">
      <subfield code="6">880-02</subfield>
      <subfield code="a">al-Lumʻah al-ilāhīyah wa al-kalimāt al-wajīzah /</subfield>
      <subfield code="c">taʼlīf-i Mullā Muḥammad Mahdī Narāqī ; bā taʻlīq va taṣḥīḥ va muqaddamah-i Jalāl al-Dīn Āshtiyānī ; pīshguftār-i Ḥasan Narāqī.</subfield>
   </datafield>
   <datafield ind1=" " ind2=" " tag="260">
      <subfield code="a">[Mashhad] :</subfield>
      <subfield code="b">Anjuman-i Falsafah,</subfield>
      <subfield code="c">1357 [1978]</subfield>
   </datafield>
   <datafield ind1=" " ind2=" " tag="300">
      <subfield code="a">56, 155 p. :</subfield>
      <subfield code="b">ill. ;</subfield>
      <subfield code="c">24 cm.</subfield>
   </datafield>
   <datafield ind1=" " ind2=" " tag="500">
      <subfield code="a">Text in Arabic; introd. (p. [I]-LVI) and biography of M. Narāqī (p. 1-47) in Persian.</subfield>
   </datafield>
   <datafield ind1="1" ind2="0" tag="600">
      <subfield code="6">880-03</subfield>
      <subfield code="a">Narāqī, Muḥammad Mahdī ibn Abī Z̲arr,</subfield>
      <subfield code="d">-1794 or 1795</subfield>
      <subfield code="0">http://id.loc.gov/authorities/names/n80128300</subfield>
   </datafield>
   <datafield ind1=" " ind2="0" tag="650">
      <subfield code="a">Islam</subfield>
      <subfield code="x">Doctrines</subfield>
      <subfield code="x">Early works to 1800.</subfield>
      <subfield code="0">http://id.loc.gov/authorities/subjects/sh87000152</subfield>
   </datafield>
   <datafield ind1=" " ind2="0" tag="650">
      <subfield code="a">Shīʻah</subfield>
      <subfield code="x">Essence, genius, nature</subfield>
      <subfield code="x">Early works to 1800.</subfield>
   </datafield>
   <datafield ind1="1" ind2=" " tag="700">
      <subfield code="6">880-04</subfield>
      <subfield code="a">Āshtiyānī, Jalāl al-Dīn.</subfield>
   </datafield>
   <datafield ind1="1" ind2=" " tag="880">
      <subfield code="6">100-01/r</subfield>
      <subfield code="a">نراقي، محمد مهدي بن ابي زار،</subfield>
      <subfield code="d">d. 1794 or 5.</subfield>
   </datafield>
   <datafield ind1="1" ind2="2" tag="880">
      <subfield code="6">245-02/r</subfield>
      <subfield code="a">اللمعة الالاهية و الكلمات الوجيزة /</subfield>
      <subfield code="c">تأليفا ملا محمد مهدي نراقي ؛ با تعليق ڤ تصحيح ڤ مقدمها جلال الدين آشتياني ؛ پيشگفتارا حسن نراقي.</subfield>
   </datafield>
   <datafield ind1="1" ind2="0" tag="880">
      <subfield code="6">600-03/r</subfield>
      <subfield code="a">نراقي، محمد مهدي بن ابي öزر،</subfield>
      <subfield code="d">d. 1794 or 5.</subfield>
   </datafield>
   <datafield ind1="1" ind2=" " tag="880">
      <subfield code="6">700-04/r</subfield>
      <subfield code="a">آشتياني، جلال الدين.</subfield>
   </datafield>
   <datafield ind1=" " ind2=" " tag="998">
      <subfield code="a">10/23/90</subfield>
      <subfield code="s">9114</subfield>
      <subfield code="n">NjP</subfield>
      <subfield code="w">NJPG90B33529</subfield>
      <subfield code="d">08/02/90</subfield>
      <subfield code="c">SVS</subfield>
      <subfield code="b">ORD</subfield>
      <subfield code="i">901023</subfield>
      <subfield code="l">NJPG</subfield>
   </datafield>
   <datafield ind1=" " ind2=" " tag="911">
      <subfield code="a">19921028</subfield>
   </datafield>
   <datafield ind1=" " ind2=" " tag="912">
      <subfield code="a">19910104000000.0</subfield>
   </datafield>
   <datafield ind1=" " ind2=" " tag="994">
      <subfield code="a">C0</subfield>
      <subfield code="b">PUL</subfield>
   </datafield>
   <datafield ind1=" " ind2=" " tag="999">
      <subfield code="a">592213</subfield>
   </datafield>
   <datafield ind1=" " ind2=" " tag="979">
      <subfield code="a">(OCoLC)ocn175840408</subfield>
   </datafield>
   <datafield ind1="0" ind2="0" tag="852">
      <subfield code="0">647772</subfield>
      <subfield code="b">rcppa</subfield>
      <subfield code="t">1</subfield>
      <subfield code="h">BP166</subfield>
      <subfield code="i">.N3734 1978</subfield>
      <subfield code="x">tr fr nec</subfield>
   </datafield>
   <datafield ind1=" " ind2=" " tag="959">
      <subfield code="a">2000-06-13 00:00:00 -0400</subfield>
   </datafield>
</record>
